@misc{cathedralbazaar,
  author = {Eric Steven Raymond},
  title = {The Cathedral and the Bazaar},
  year = {2000},
	url = {http://catb.org/esr/writings/cathedral-bazaar/cathedral-bazaar/index.html}
}

@INPROCEEDINGS{metrics2004,
    author = {Cem Kaner and Senior Member and Walter P. Bond},
    title = {Software Engineering Metrics: What Do They Measure and How Do We Know?},
    booktitle = {In METRICS 2004. IEEE CS},
    year = {2004},
    publisher = {Press}
}
